<?xml version="1.0" encoding="UTF-8"?><collection xmlns="http://www.loc.gov/MARC21/slim"><record><leader>00406nam--2200145-i-4500</leader><controlfield tag="001">000011409</controlfield><controlfield tag="002">20161230</controlfield><controlfield tag="005">20161230201029</controlfield><controlfield tag="008">060222s1000------------r-----000-0-eng-d</controlfield><datafield ind1=" " ind2=" " tag="080"><subfield code="a">621.382:621.38</subfield></datafield><datafield ind1=" " ind2=" " tag="100"><subfield code="a">Bell, R.L</subfield></datafield><datafield ind1=" " ind2=" " tag="245"><subfield code="a">Negative electron affinity devices</subfield></datafield><datafield ind1=" " ind2=" " tag="260"><subfield code="a">Oxford, Clarendon Press, 1973. Ix + 148 P</subfield></datafield><datafield ind1=" " ind2=" " tag="490"><subfield code="a">Monographs In Electrical And Electronic Engine Ering</subfield></datafield><datafield ind1=" " ind2=" " tag="852"><subfield code="a">42363</subfield></datafield></record></collection>